<record><leader>00000cas a22000007a 4500</leader><controlfield tag="001">15624089</controlfield><controlfield tag="008">870504d191u1918iaucr ne      0    0ger d</controlfield><datafield ind1=" " ind2=" " tag="010"><subfield code="a">sn 87058181 </subfield></datafield><datafield ind1=" " ind2=" " tag="040"><subfield code="a">INP</subfield><subfield code="b">eng</subfield><subfield code="c">INP</subfield><subfield code="d">DLC</subfield><subfield code="d">OCLCQ</subfield></datafield><datafield ind1=" " ind2=" " tag="042"><subfield code="a">msc</subfield></datafield><datafield ind1="0" ind2=" " tag="130"><subfield code="a">Iowa Reform (Davenport, Iowa : 1914)</subfield></datafield><datafield ind1="1" ind2="0" tag="245"><subfield code="a">Iowa Reform.</subfield></datafield><datafield ind1=" " ind2=" " tag="260"><subfield code="a">Davenport, Iowa :</subfield><subfield code="b">Adolph Vetersen &amp; Bruder</subfield></datafield><datafield ind1=" " ind2=" " tag="300"><subfield code="a">v.</subfield></datafield><datafield ind1=" " ind2=" " tag="310"><subfield code="a">Semiweekly</subfield></datafield><datafield ind1="1" ind2=" " tag="362"><subfield code="a">Ceased in 1918.</subfield></datafield><datafield ind1=" " ind2=" " tag="546"><subfield code="a">In German.</subfield></datafield><datafield ind1=" " ind2=" " tag="588"><subfield code="a">Description based on: Jahrg. 31, Nr. 1 (13. Juli 1914).</subfield></datafield><datafield ind1=" " ind2=" " tag="752"><subfield code="a">United States</subfield><subfield code="b">Iowa</subfield><subfield code="c">Scott</subfield><subfield code="d">Davenport.</subfield></datafield><datafield ind1="0" ind2=" " tag="775"><subfield code="t">Iowa Reform (Davenport, Iowa : 1919)</subfield><subfield code="w">(DLC)sn 87058179</subfield></datafield><datafield ind1="0" ind2="0" tag="780"><subfield code="t">Iowa halbwo&#776;chentliche Reform</subfield><subfield code="w">(DLC)sn 87058180</subfield></datafield></record>